<record><leader>00000cas a2200000 a 4500</leader><controlfield tag="001">21884187</controlfield><controlfield tag="008">900619d189019uunyuwr ne      0    0eng c</controlfield><datafield ind1=" " ind2=" " tag="010"><subfield code="a">sn 90066108 </subfield></datafield><datafield ind1=" " ind2=" " tag="040"><subfield code="a">NYS</subfield><subfield code="b">eng</subfield><subfield code="c">NYS</subfield><subfield code="d">OCLCQ</subfield><subfield code="d">OCLCF</subfield><subfield code="d">OCLCO</subfield></datafield><datafield ind1=" " ind2=" " tag="042"><subfield code="a">pcc</subfield></datafield><datafield ind1=" " ind2=" " tag="043"><subfield code="a">n-us-ny</subfield></datafield><datafield ind1="0" ind2=" " tag="130"><subfield code="a">Register (Fair Haven, Cayuga County, N.Y.)</subfield></datafield><datafield ind1="1" ind2="4" tag="245"><subfield code="a">The register.</subfield></datafield><datafield ind1=" " ind2=" " tag="260"><subfield code="a">Fair Haven, N.Y. :</subfield><subfield code="b">Will E. Bennett,</subfield><subfield code="c">1890-</subfield></datafield><datafield ind1=" " ind2=" " tag="300"><subfield code="a">v.</subfield></datafield><datafield ind1=" " ind2=" " tag="310"><subfield code="a">Weekly</subfield></datafield><datafield ind1="0" ind2=" " tag="362"><subfield code="a">Vol. 1, no. 1 (Mar. 20, 1890)-</subfield></datafield><datafield ind1=" " ind2=" " tag="500"><subfield code="a">Publishers: Will E. Bennett, 1890-&lt;1901&gt;; E.C. Smith, &lt;1904&gt;.</subfield></datafield><datafield ind1=" " ind2="0" tag="651"><subfield code="a">Fair Haven (Cayuga County, N.Y.)</subfield><subfield code="v">Newspapers.</subfield></datafield><datafield ind1=" " ind2="0" tag="651"><subfield code="a">Cayuga County (N.Y.)</subfield><subfield code="v">Newspapers.</subfield></datafield><datafield ind1=" " ind2="7" tag="655"><subfield code="a">Newspapers.</subfield><subfield code="2">fast</subfield><subfield code="0">(OCoLC)fst01423814</subfield></datafield><datafield ind1=" " ind2="7" tag="651"><subfield code="a">New York (State)</subfield><subfield code="z">Cayuga County.</subfield><subfield code="2">fast</subfield><subfield code="0">(OCoLC)fst01220524</subfield></datafield><datafield ind1=" " ind2="7" tag="651"><subfield code="a">New York (State)</subfield><subfield code="z">Fair Haven (Cayuga County)</subfield><subfield code="2">fast</subfield><subfield code="0">(OCoLC)fst01318830</subfield></datafield><datafield ind1=" " ind2=" " tag="752"><subfield code="a">United States</subfield><subfield code="b">New York</subfield><subfield code="c">Cayuga</subfield><subfield code="d">Fair Haven.</subfield></datafield><datafield ind1="0" ind2="0" tag="785"><subfield code="t">Fair Haven register</subfield><subfield code="w">(DLC)sn 90066507</subfield><subfield code="w">(OCoLC)22269952</subfield></datafield></record>